<record><leader>00000cas a22000007a 4500</leader><controlfield tag="001">34600201</controlfield><controlfield tag="008">960419d19721973meudn ne      0    0eng d</controlfield><datafield ind1=" " ind2=" " tag="010"><subfield code="a">sn 96075038 </subfield></datafield><datafield ind1=" " ind2=" " tag="040"><subfield code="a">MBN</subfield><subfield code="b">eng</subfield><subfield code="c">MBN</subfield><subfield code="d">OCLCQ</subfield><subfield code="d">OCLCF</subfield><subfield code="d">OCLCO</subfield></datafield><datafield ind1="1" ind2=" " tag="029"><subfield code="a">AU@</subfield><subfield code="b">000025931898</subfield></datafield><datafield ind1=" " ind2=" " tag="042"><subfield code="a">msc</subfield></datafield><datafield ind1=" " ind2=" " tag="043"><subfield code="a">n-us-me</subfield></datafield><datafield ind1="0" ind2=" " tag="130"><subfield code="a">County times (Presque Isle, Me.)</subfield></datafield><datafield ind1="1" ind2="4" tag="245"><subfield code="a">The county times.</subfield></datafield><datafield ind1=" " ind2=" " tag="260"><subfield code="a">[Presque Isle, Me.] :</subfield><subfield code="b">Great Northern Pub. Co.</subfield></datafield><datafield ind1=" " ind2=" " tag="300"><subfield code="a">v.</subfield></datafield><datafield ind1=" " ind2=" " tag="310"><subfield code="a">Daily (except Sun.)</subfield></datafield><datafield ind1="0" ind2=" " tag="362"><subfield code="a">Vol. 1, no. 1 (Feb. 21, 1972)-v. 2, no. 106 (May 4, 1973).</subfield></datafield><datafield ind1=" " ind2="0" tag="651"><subfield code="a">Presque Isle (Me.)</subfield><subfield code="v">Newspapers.</subfield></datafield><datafield ind1=" " ind2="7" tag="655"><subfield code="a">Newspapers.</subfield><subfield code="2">fast</subfield><subfield code="0">(OCoLC)fst01423814</subfield></datafield><datafield ind1=" " ind2="7" tag="651"><subfield code="a">Maine</subfield><subfield code="z">Presque Isle.</subfield><subfield code="2">fast</subfield><subfield code="0">(OCoLC)fst01219370</subfield></datafield><datafield ind1=" " ind2=" " tag="752"><subfield code="a">United States</subfield><subfield code="b">Maine</subfield><subfield code="c">Aroostook</subfield><subfield code="d">Presque Isle.</subfield></datafield></record>